@online{smith2022,
  author = {Gabrielle Smith},
  editor = {},
  title = {Practice Post},
  date = {2022-10-24},
  url = {https://gabriellensmith.github.io/posts/2022-10-24-classexample/},
  langid = {en}
}